<?xml version="1.0" encoding="UTF-8"?><collection xmlns="http://www.loc.gov/MARC21/slim"><record><leader>00382nam--2200133-i-4500</leader><controlfield tag="001">000038492</controlfield><controlfield tag="002">20161230</controlfield><controlfield tag="005">20161230201041</controlfield><controlfield tag="008">060222s1000------------r-----000-0-eng-d</controlfield><datafield ind1=" " ind2=" " tag="080"><subfield code="a">517.96</subfield></datafield><datafield ind1=" " ind2=" " tag="100"><subfield code="a">Reed,Michael And Simon,Barry</subfield></datafield><datafield ind1=" " ind2=" " tag="245"><subfield code="a">Methods of modern mathematical physics. 1: functional analysis</subfield></datafield><datafield ind1=" " ind2=" " tag="260"><subfield code="a">New York, Academic Press, 1972-1979. Xvii+325 P</subfield></datafield><datafield ind1=" " ind2=" " tag="852"><subfield code="a">36641</subfield></datafield></record></collection>